<?xml version="1.0" encoding="UTF-8"?><collection xmlns="http://www.loc.gov/MARC21/slim"><record><leader>00511nam--2200181-i-4500</leader><controlfield tag="001">000038227</controlfield><controlfield tag="002">20161230</controlfield><controlfield tag="005">20161230201041</controlfield><controlfield tag="008">060222s1000------------r-----000-0-eng-d</controlfield><datafield ind1=" " ind2=" " tag="040"><subfield code="a">IFIN-HH</subfield></datafield><datafield ind1=" " ind2=" " tag="080"><subfield code="a">537.533.35:621.385.853</subfield></datafield><datafield ind1="1" ind2=" " tag="100"><subfield code="a">Haine, M.E</subfield></datafield><datafield ind1="1" ind2="0" tag="245"><subfield code="a">The electron microscope</subfield><subfield code="b">The present state of the art</subfield><subfield code="c">M.e. haine, v.e. cosslett</subfield></datafield><datafield ind1=" " ind2=" " tag="260"><subfield code="a">London</subfield><subfield code="b">E.&amp;f.N. Spon Limited</subfield><subfield code="c">1961</subfield></datafield><datafield ind1=" " ind2=" " tag="300"><subfield code="a">282P</subfield></datafield><datafield ind1="1" ind2=" " tag="700"><subfield code="a">Cosslett, V. E</subfield></datafield><datafield ind1=" " ind2=" " tag="852"><subfield code="a">17007</subfield><subfield code="c">537.533.35</subfield></datafield><datafield ind1=" " ind2=" " tag="CAT"><subfield code="a">Sys</subfield><subfield code="c">20110902</subfield><subfield code="h">104842</subfield></datafield></record></collection>